<record xmlns='http://www.loc.gov/MARC21/slim'><leader>01368cas a2200373 a 4500</leader><controlfield tag='001'>620407</controlfield><controlfield tag='005'>20180827180657.0</controlfield><controlfield tag='008'>870128c19809999ja ar        f0    0jpn d</controlfield><datafield ind1=' ' ind2=' ' tag='010'><subfield code='a'>91649049</subfield><subfield code='z'>sn 87021187</subfield></datafield><datafield ind1='1' ind2=' ' tag='019'><subfield code='a'>4623420</subfield><subfield code='z'>.b15490464</subfield></datafield><datafield ind1=' ' ind2=' ' tag='035'><subfield code='a'>(OCoLC)15124834</subfield></datafield><datafield ind1=' ' ind2=' ' tag='035'><subfield code='a'>620407</subfield></datafield><datafield ind1=' ' ind2=' ' tag='040'><subfield code='a'>InU</subfield><subfield code='c'>InU</subfield><subfield code='d'>DLC</subfield><subfield code='d'>OCoLC</subfield><subfield code='d'>OCoLC</subfield></datafield><datafield ind1=' ' ind2=' ' tag='042'><subfield code='a'>lc</subfield></datafield><datafield ind1=' ' ind2=' ' tag='043'><subfield code='a'>a-ja---</subfield></datafield><datafield ind1='0' ind2='0' tag='050'><subfield code='a'>HC462.9</subfield><subfield code='b'>.K3213</subfield></datafield><datafield ind1='0' ind2='0' tag='245'><subfield code='6'>880-01</subfield><subfield code='a'>Kaisetsu keizai hakusho.</subfield></datafield><datafield ind1='0' ind2='0' tag='880'><subfield code='6'>245-01</subfield><subfield code='a'>解說経済白書.</subfield></datafield><datafield ind1='1' ind2='0' tag='246'><subfield code='6'>880-02</subfield><subfield code='a'>Keizai hakusho.</subfield></datafield><datafield ind1='1' ind2='0' tag='880'><subfield code='6'>246-02</subfield><subfield code='a'>経済白書.</subfield></datafield><datafield ind1=' ' ind2=' ' tag='260'><subfield code='6'>880-03</subfield><subfield code='a'>Tōkyō :</subfield><subfield code='b'>Tōyō Keizai Shinpōsha,</subfield></datafield><datafield ind1=' ' ind2=' ' tag='880'><subfield code='6'>260-03</subfield><subfield code='a'>東京 :</subfield><subfield code='b'>東洋経済新報社,</subfield></datafield><datafield ind1=' ' ind2=' ' tag='300'><subfield code='a'>v. :</subfield><subfield code='b'>ill. ;</subfield><subfield code='c'>18 cm.</subfield></datafield><datafield ind1=' ' ind2=' ' tag='310'><subfield code='a'>Annual.</subfield></datafield><datafield ind1='1' ind2=' ' tag='362'><subfield code='6'>880-04</subfield><subfield code='a'>Began with: Shōwa 55-nenban i.e. 1980.</subfield></datafield><datafield ind1='1' ind2=' ' tag='880'><subfield code='6'>362-04</subfield><subfield code='a'>Began with: 昭和年版 i.e. 1980.</subfield></datafield><datafield ind1=' ' ind2=' ' tag='500'><subfield code='a'>Description based on: Shōwa 56-nenban i.e. 1981.</subfield></datafield><datafield ind1=' ' ind2=' ' tag='580'><subfield code='6'>880-05</subfield><subfield code='a'>Issued as a commentary to: Keizai hakusho.</subfield></datafield><datafield ind1=' ' ind2=' ' tag='880'><subfield code='6'>580-05</subfield><subfield code='a'>Issued as a commentary to: 経済白書.</subfield></datafield><datafield ind1=' ' ind2='0' tag='651'><subfield code='a'>Japan</subfield><subfield code='x'>Economic conditions</subfield><subfield code='y'>1945-1989</subfield><subfield code='v'>Periodicals.</subfield></datafield><datafield ind1=' ' ind2='0' tag='651'><subfield code='a'>Japan</subfield><subfield code='x'>Economic conditions</subfield><subfield code='y'>1989- </subfield><subfield code='v'>Periodicals.</subfield></datafield><datafield ind1='1' ind2=' ' tag='787'><subfield code='6'>880-06</subfield><subfield code='t'>Keizai hakusho</subfield><subfield code='w'>(DLC)sn 85021792</subfield><subfield code='w'>(OCoLC)12355148.</subfield></datafield><datafield ind1='1' ind2=' ' tag='880'><subfield code='6'>787-06</subfield><subfield code='t'>経済白書.</subfield></datafield><datafield ind1=' ' ind2=' ' tag='984'><subfield code='a'>anl  </subfield><subfield code='i'>-</subfield><subfield code='o'>-</subfield><subfield code='c'>JAP 332.1</subfield><subfield code='c'>OJs 4360.1 2023</subfield><subfield code='e'>1985; 1996</subfield></datafield></record>